<?xml version="1.0" encoding="UTF-8"?>
<collection xmlns:xsi="http://www.w3.org/2001/XMLSchema-instance" xsi:schemaLocation="http://www.loc.gov/MARC21/slim http://www.loc.gov/standards/marcxml/schema/MARC21slim.xsd" xmlns="http://www.loc.gov/MARC21/slim">
<record>
  <leader>00708cam a22002171  4500</leader>
  <controlfield tag="001">3079548</controlfield>
  <controlfield tag="003">NNC</controlfield>
  <controlfield tag="005">20130426015921.0</controlfield>
  <controlfield tag="008">010904s1949    ua            000 0 ara d</controlfield>
  <datafield tag="035" ind1=" " ind2=" ">
    <subfield code="a">(OCoLC)ocm47905562</subfield>
  </datafield>
  <datafield tag="035" ind1=" " ind2=" ">
    <subfield code="9">ATQ4496CU</subfield>
  </datafield>
  <datafield tag="035" ind1=" " ind2=" ">
    <subfield code="a">(NNC)3079548</subfield>
  </datafield>
  <datafield tag="040" ind1=" " ind2=" ">
    <subfield code="a">ZCU</subfield>
    <subfield code="c">ZCU</subfield>
  </datafield>
  <datafield tag="099" ind1=" " ind2=" ">
    <subfield code="a">893.791</subfield>
    <subfield code="a">M29</subfield>
  </datafield>
  <datafield tag="100" ind1="1" ind2=" ">
    <subfield code="a">Malaṭī, Muḥammad ibn Aḥmad,</subfield>
    <subfield code="d">-987 or 988.</subfield>
  </datafield>
  <datafield tag="245" ind1="1" ind2="3">
    <subfield code="a">al-Tanbīh wa-al-radd ʻalā ahl al-ahwāʾ wa-al-bidaʻ.</subfield>
    <subfield code="c">ʻArrafa al-kitāb Muḥammad Zāhid ibn al-Ḥasan al-Kautharī.</subfield>
  </datafield>
  <datafield tag="260" ind1=" " ind2=" ">
    <subfield code="a">[Miṣr]</subfield>
    <subfield code="b">ʻIzzat al-ʻAṭṭār,</subfield>
    <subfield code="c">1949.</subfield>
  </datafield>
  <datafield tag="300" ind1=" " ind2=" ">
    <subfield code="a">214 p.</subfield>
  </datafield>
  <datafield tag="650" ind1=" " ind2="0">
    <subfield code="a">Islam.</subfield>
  </datafield>
  <datafield tag="700" ind1="1" ind2=" ">
    <subfield code="a">Kautharī, Muḥammad Zāhid al-,</subfield>
    <subfield code="d">1879-1952,</subfield>
    <subfield code="e">editor.</subfield>
  </datafield>
  <datafield tag="955" ind1=" " ind2=" ">
    <subfield code="b">CU58893466</subfield>
    <subfield code="d">off,glx</subfield>
    <subfield code="e">893.791 M29</subfield>
  </datafield>
</record>
</collection>